<?xml version="1.0" encoding="UTF-8"?><collection xmlns="http://www.loc.gov/MARC21/slim"><record><leader>00480nam--2200169-u-4500</leader><controlfield tag="001">000056818</controlfield><controlfield tag="002">20191030</controlfield><controlfield tag="005">20191030042830</controlfield><controlfield tag="008">191030s1000------------r-----000-0-eng-d</controlfield><datafield ind1=" " ind2=" " tag="041"><subfield code="a">eng</subfield></datafield><datafield ind1="1" ind2=" " tag="100"><subfield code="a">Church, Alonzo</subfield></datafield><datafield ind1="1" ind2="0" tag="245"><subfield code="a">Introduction to Mathematical Logic.,vol I</subfield><subfield code="c">Alonzo Church</subfield></datafield><datafield ind1=" " ind2=" " tag="260"><subfield code="a">Princeton , New Jersey</subfield><subfield code="b">Princeton University Press</subfield><subfield code="c">1956</subfield></datafield><datafield ind1=" " ind2=" " tag="300"><subfield code="a">VI 378 p</subfield></datafield><datafield ind1=" " ind2=" " tag="500"><subfield code="a">donatie Gheorghe Dinescu</subfield></datafield><datafield ind1=" " ind2=" " tag="852"><subfield code="a">82712</subfield><subfield code="c">517.11</subfield></datafield><datafield ind1=" " ind2=" " tag="CAT"><subfield code="a">SYS</subfield><subfield code="c">20191030</subfield><subfield code="h">042830</subfield></datafield></record></collection>